@INPROCEEDINGS{9478244,
  author={Wylde, Allison},
  booktitle={2021 International Conference on Cyber Situational Awareness, Data Analytics and Assessment (CyberSA)}, 
  title={Zero trust: Never trust, always verify}, 
  year={2021},
  volume={},
  number={},
  pages={1-4},
  doi={10.1109/CyberSA52016.2021.9478244}}
