@ARTICLE{9565152,
  author={Beetz, Florian and Harrer, Simon},
  journal={IEEE Software}, 
  title={GitOps: The Evolution of DevOps?}, 
  year={2021},
  volume={},
  number={},
  pages={0-0},
  doi={10.1109/MS.2021.3119106}}
