@INPROCEEDINGS{9105789,
  author={Ahmed, Zaheeruddin and Francis, Shoba. C.},
  booktitle={2019 International Conference on Digitization (ICD)}, 
  title={Integrating Security with DevSecOps: Techniques and Challenges}, 
  year={2019},
  volume={},
  number={},
  pages={178-182},
  doi={10.1109/ICD47981.2019.9105789}}
