@INPROCEEDINGS{9282798,
  author={Mao, Runfeng and Zhang, He and Dai, Qiming and Huang, Huang and Rong, Guoping and Shen, Haifeng and Chen, Lianping and Lu, Kaixiang},
  booktitle={2020 IEEE 20th International Conference on Software Quality, Reliability and Security (QRS)}, 
  title={Preliminary Findings about DevSecOps from Grey Literature}, 
  year={2020},
  volume={},
  number={},
  pages={450-457},
  doi={10.1109/QRS51102.2020.00064}}
