@INPROCEEDINGS{8539202,
  author={Lee, Jong Seok},
  booktitle={2018 IEEE International Symposium on Software Reliability Engineering Workshops (ISSREW)}, 
  title={The DevSecOps and Agency Theory}, 
  year={2018},
  volume={},
  number={},
  pages={243-244},
  doi={10.1109/ISSREW.2018.00013}}
