@INPROCEEDINGS{9627212,
  author={Sojan, Arun and Rajan, Ranjit and Kuvaja, Pasi},
  booktitle={2021 IEEE 6th International Conference on Smart Cloud (SmartCloud)}, 
  title={Monitoring solution for cloud-native DevSecOps}, 
  year={2021},
  volume={},
  number={},
  pages={125-131},
  doi={10.1109/SmartCloud52277.2021.00029}}
