@INPROCEEDINGS{9781709,
  author={Ibrahim, Amr and Yousef, Ahmed H. and Medhat, Walaa},
  booktitle={2022 2nd International Mobile, Intelligent, and Ubiquitous Computing Conference (MIUCC)}, 
  title={DevSecOps: A Security Model for Infrastructure as Code Over the Cloud}, 
  year={2022},
  volume={},
  number={},
  pages={284-288},
  doi={10.1109/MIUCC55081.2022.9781709}}
