@INPROCEEDINGS{9071258,
  author={Zunnurhain, Kazi and Duclervil, Saniora R.},
  booktitle={2019 International Conference on Computational Science and Computational Intelligence (CSCI)}, 
  title={A New Project Management Tool Based on DevSecOps}, 
  year={2019},
  volume={},
  number={},
  pages={239-243},
  doi={10.1109/CSCI49370.2019.00049}}
