@INPROCEEDINGS{9226359,
  author={Macarthy, Ruth W. and Bass, Julian M.},
  booktitle={2020 46th Euromicro Conference on Software Engineering and Advanced Applications (SEAA)}, 
  title={An Empirical Taxonomy of DevOps in Practice}, 
  year={2020},
  volume={},
  number={},
  pages={221-228},
  doi={10.1109/SEAA51224.2020.00046}}
