
@MISC{Orca,
	title        = "{ORCA} Software {GmbH} - Softwarel{\"o}sungen f{\"u}r die
	Baubranche",
	booktitle    = "Orca-software.com",
	howpublished = "\url{https://www.orca-software.com/unternehmen/}",
	note         = "Accessed: 2022-2-21",
	language     = "de"
}

@MISC{Davidbritch_22,
	title        = ".{NET} {Multi-Platform} App {UI} documentation - .{NET}
	{MAUI}",
	booktitle    = "Microsoft.com",
	author       = "{davidbritch}",
	howpublished = "\url{https://docs.microsoft.com/en-us/dotnet/maui/}",
	note         = "Accessed: 2022-2-21",
	language     = "en"
}

@MISC{Telerik_22,
	title        = "Blazor Components Demos and Examples - Telerik {UI} for
	Blazor",
	booktitle    = "Telerik.com",
	author       = "{Telerik}",
	howpublished = "\url{https://demos.telerik.com/blazor-ui}",
	note         = "Accessed: 2022-2-21"
}